<collection xmlns="http://www.loc.gov/MARC21/slim">
<record>
  <leader>01506nam0a22002291i 450 </leader>
  <controlfield tag="001">IT\ICCU\CNCE\060824</controlfield>
  <controlfield tag="005">20050805000000.0</controlfield>
  <datafield tag="012" ind1=" " ind2=" ">
    <subfield code="a">++++ ++++ oqs. As&amp;a (3) 1549 (Q)</subfield>
    <subfield code="2">fei</subfield>
  </datafield>
  <datafield tag="100" ind1=" " ind2=" ">
    <subfield code="a">20050803f1549        0itac0103    ba</subfield>
  </datafield>
  <datafield tag="101" ind1=" " ind2=" ">
    <subfield code="a">LAT</subfield>
    <subfield code="a">GRC</subfield>
  </datafield>
  <datafield tag="102" ind1=" " ind2=" ">
    <subfield code="a">IT</subfield>
  </datafield>
  <datafield tag="200" ind1="1" ind2=" ">
    <subfield code="a">Aetii medici graeci contractae ex veteribus medicinae sermones XVI. / Per Ianum Cornarium medicum physicum latine conscripti. ; Acce?erunt in duos priores libros quos de simplicibus scripsit scholia, rei medicae studiosis plurimum profutura, per Hugonem Solerium sanioniensem medicum, nunc primum inlucem edita</subfield>
  </datafield>
  <datafield tag="210" ind1=" " ind2=" ">
    <subfield code="a">Venezia</subfield>
    <subfield code="c">Ioan. Gryphius excudebat</subfield>
    <subfield code="d">\1549!</subfield>
  </datafield>
  <datafield tag="215" ind1=" " ind2=" ">
    <subfield code="a">\182! 469 p. \2!</subfield>
    <subfield code="d">8? (15 cm)</subfield>
  </datafield>
  <datafield tag="300" ind1=" " ind2=" ">
    <subfield code="a">ANNULLATA !!!!   ̈il 1. v. di 420((Precedente collocazione: 11 IXb 37. - Ex libris: Josephi Ciolli medicinae ac philosophiae doctoris anno D.ni 1760. - Segnatura: *8 b-g8 h4 A-D8 a-nnn8. - Dal Censimento delle edizioni italiane del XVI secolo, Roma ICCU 1981- si evince trattarsi del 1? vol. di un&apos;opera in due volumi; dalla stessa fonte e tratta anche la data di pubblicazione. - Ex libris Ciolli, Giuseppe</subfield>
  </datafield>
  <datafield tag="702" ind1=" " ind2="1">
    <subfield code="a">Cornarius,</subfield>
    <subfield code="b">Ianus</subfield>
    <subfield code="3">IT\ICCU\CNCA\000053</subfield>
  </datafield>
  <datafield tag="702" ind1=" " ind2="1">
    <subfield code="a">Solřy,</subfield>
    <subfield code="b">Hugues</subfield>
    <subfield code="3">IT\ICCU\CNCA\000056</subfield>
  </datafield>
  <datafield tag="790" ind1=" " ind2="1">
    <subfield code="a">Cornaro,</subfield>
    <subfield code="b">Iano</subfield>
    <subfield code="3">IT\ICCU\CNCA\013964</subfield>
    <subfield code="z">Cornarius, Ianus</subfield>
  </datafield>
  <datafield tag="790" ind1=" " ind2="1">
    <subfield code="a">Hagenbut,</subfield>
    <subfield code="b">Johann</subfield>
    <subfield code="3">IT\ICCU\CNCA\014316</subfield>
    <subfield code="z">Cornarius, Ianus</subfield>
  </datafield>
  <datafield tag="790" ind1=" " ind2="1">
    <subfield code="a">Solerius,</subfield>
    <subfield code="b">Hugo</subfield>
    <subfield code="3">IT\ICCU\CNCA\024315</subfield>
    <subfield code="z">Solřy, Hugues</subfield>
  </datafield>
  <datafield tag="801" ind1=" " ind2="3">
    <subfield code="a">IT</subfield>
    <subfield code="b">ICCU</subfield>
    <subfield code="c">20201115</subfield>
  </datafield>
  <datafield tag="899" ind1=" " ind2=" ">
    <subfield code="a">Biblioteca Pio VI. Subiaco</subfield>
    <subfield code="1">RM0603</subfield>
    <subfield code="2">BVE SU</subfield>
  </datafield>
</record>
</collection>
